@article{notarstefano2011containment,
  title={Containment in leader--follower networks with switching communication topologies},
  author={Notarstefano, Giuseppe and Egerstedt, Magnus and Haque, Musad},
  journal={Automatica},
  volume={47},
  number={5},
  pages={1035--1040},
  year={2011},
  publisher={Elsevier}
}
